@ELECTRONIC{AMAZON_WH,
  title = {Inside the Amazon Warehouse Where Humans and Machines Become One [Электронный ресурс]},
  year = {2019},
  url = {https://www.wired.com/story/amazon-warehouse-robots/},
  annote = {дата обращения: 22.04.2021},
  language = {english}
}

@ELECTRONIC{GATHER_RCH,
  title = {What Edge Computing Means for Infrastructure and Operations Leaders [Электронный ресурс]},
  year = {2018},
  url = {https://www.gartner.com/smarterwithgartner/what-edge-computing-means-for-infrastructure-and-operations-leaders/},
  annote = {дата обращения: 23.04.2021},
  language = {english}
}
